@article{RN432,
   author = {Campello, Ricardo JGB and Moulavi, Davoud and Zimek, Arthur and Sander, Jörg},
   title = {Hierarchical density estimates for data clustering, visualization, and outlier detection},
   journal = {ACM Transactions on Knowledge Discovery from Data (TKDD)},
   volume = {10},
   number = {1},
   pages = {5},
   ISSN = {1556-4681},
   year = {2015},
   type = {Journal Article}
}

@incollection{mac,
    title = {Minimum Average Cost Clustering},
    author = {Kiyohito Nagano and Kawahara, Yoshinobu and Satoru Iwata},
    booktitle = {Advances in Neural Information Processing Systems 23},
    editor = {J. D. Lafferty and C. K. I. Williams and J. Shawe-Taylor and R. S. Zemel and A. Culotta},
    pages = {1759--1767},
    year = {2010},
    publisher = {Curran Associates, Inc.},
    url = {http://papers.nips.cc/paper/4106-minimum-average-cost-clustering.pdf}
}

@article{ic,
   author = {Chan, C. and Al-Bashabsheh, A. and Zhou, Q. and Kaced, T. and Liu, T.},
   title = {Info-Clustering: A Mathematical Theory for Data Clustering},
   journal = {IEEE Transactions on Molecular, Biological and Multi-Scale Communications},
   volume = {2},
   number = {1},
   pages = {64-91},
   ISSN = {2372-2061},
   DOI = {10.1109/TMBMC.2016.2630054},
   year = {2016},
   type = {Journal Article}
}

@article{psp,
   author = {Narayanan, H.},
   title = {The principal lattice of partitions of a submodular function},
   journal = {Linear Algebra and its Applications},
   volume = {144},
   pages = {179-216},
   ISSN = {0024-3795},
   DOI = {https://doi.org/10.1016/0024-3795(91)90070-D},
   url = {http://eproxy2.lib.tsinghua.edu.cn:80/rwt/33/http/P75YPLUUMNVXK5UDMWTGT6UFMN4C6Z5QNF/science/article/pii/002437959190070D},
   year = {1991},
   type = {Journal Article}
}

@article{pmf,
   author = {Kolmogorov, Vladimir},
   title = {A Faster Algorithm for Computing the Principal Sequence of Partitions of a Graph},
   journal = {Algorithmica},
   volume = {56},
   number = {4},
   pages = {394-412},
   ISSN = {1432-0541},
   DOI = {10.1007/s00453-008-9177-z},
   url = {https://doi.org/10.1007/s00453-008-9177-z},
   year = {2010},
   type = {Journal Article}
}




